@article{federal2008assessment,
  title={Assessment of demand response and advanced metering},
  author={Federal Energy Regulatory Commission and others},
  year={2008},
  publisher={Federal Energy Regulatory Commission}
}

@inproceedings{grijalva2011prosumer,
  title={Prosumer-based smart grid architecture enables a flat, sustainable electricity industry},
  author={Grijalva, Santiago and Tariq, Muhammad Umer},
  booktitle={Innovative Smart Grid Technologies (ISGT), 2011 IEEE PES},
  pages={1--6},
  year={2011},
  organization={IEEE}
}

@article{farhangi2010path,
  title={The path of the smart grid},
  author={Farhangi, Hassan},
  journal={Power and Energy Magazine, IEEE},
  volume={8},
  number={1},
  pages={18--28},
  year={2010},
  publisher={IEEE}
}


@article{dean2008mapreduce,
  title={MapReduce: simplified data processing on large clusters},
  author={Dean, Jeffrey and Ghemawat, Sanjay},
  journal={Communications of the ACM},
  volume={51},
  number={1},
  pages={107--113},
  year={2008},
  publisher={ACM}
}